@misc {GitInitDocumentation,
   url = {https://git-scm.com/docs/git-init},
   author = {Git},
   year = {2024},
   title = {Git Init Documentation},
}
@misc {GitGuidesInit,
   url = {https://github.com/git-guides/git-init},
   title = {Git init},
   year = {2022},
   author = {{GitHub Open Source}},
}

@misc {GitCloneDocumentation,
   url = {https://git-scm.com/docs/git-clone},
   author = {Git},
   year = {2024},
   title = {Git Clone Documentation},
}

@misc {GitGuidesClone,
   url = {https://github.com/git-guides/git-clone},
   title = {Git clone},
   year = {2022},
   author = {{GitHub Open Source}},
}

@misc {GitAddDocumentation,
   url = {https://git-scm.com/docs/git-add},
   author = {Git},
   year = {2024},
   title = {Git Add Documentation},
}

@misc {GitGuidesAdd,
   url = {https://github.com/git-guides/git-add},
   title = {Git add},
   year = {2022},
   author = {{GitHub Open Source}},
}

@misc {GitCommitDocumentation,
   url = {https://git-scm.com/docs/git-commit},
   author = {Git},
   year = {2024},
   title = {Git Commit Documentation},
}

@misc {GitGuidesCommit,
   url = {https://github.com/git-guides/git-commit},
   title = {Git commit},
   year = {2022},
   author = {{GitHub Open Source}},
}

@misc {GitPushDocumentation,
   url = {https://git-scm.com/docs/git-push},
   author = {Git},
   year = {2024},
   title = {Git Push Documentation},
}

@misc {GitGuidesPush,
   url = {https://github.com/git-guides/git-push},
   title = {Git push},
   year = {2022},
   author = {{GitHub Open Source}},
}

@misc {GitPullDocumentation,
   url = {https://git-scm.com/docs/git-pull},
   author = {Git},
   year = {2024},
   title = {Git Pull Documentation},
}

@misc {GitGuidesPull,
   url = {https://github.com/git-guides/git-Pull},
   title = {Git pull},
   year = {2022},
   author = {{GitHub Open Source}},
}

@misc {GitGuidesRemote,
   url = {https://github.com/git-guides/git-Remote},
   title = {Git branches & merges},
   year = {2022},
   author = {{GitHub Open Source}},
}


@misc {GitStashDocumentation,
   url = {https://git-scm.com/docs/git-stash},
   author = {Git},
   year = {2024},
   title = {Git Stash Documentation},
}

@misc {GitBranchDocumentation,
   url = {https://git-scm.com/docs/git-branch},
   author = {Git},
   year = {2024},
   title = {Git Branch Documentation},
}